@Article{aasen2020,
  Author = {Aasen, Helge and Kirchgessner, Norbert and Walter, Achim and Liebisch, Frank},
  Journal = {Frontiers in Plant Science},
  Month = {jun},
  Title = {PhenoCams for Field Phenotyping: Using Very High Temporal Resolution Digital Repeated Photography to Investigate Interactions of Growth, Phenology, and Harvest Traits},
  Volume = {11},
  Year = {2020},
  Doi = {10.3389/fpls.2020.00593},
  Issn = {1664-462X}
}


@Article{abadi2015-tensorflow,
  Author = {Abadi, Mart\'\in and Agarwal, Ashish and Barham, Paul and Brevdo, Eugene and Chen, Zhifeng and Citro, Craig and Corrado, Greg S and Davis, Andy and Dean, Jeffrey and Devin, Matthieu and Ghemawat, Sanjay and Goodfellow, Ian and Harp, Andrew and Irving, Geoffrey and Isard, Michael and Jia, Yangqing and Jozefowicz, Rafal and Kaiser, Lukasz and Kudlur, Manjunath and Levenberg, Josh and Man{\'{e}}, Dandelion and Monga, Rajat and Moore, Sherry and Murray, Derek and Olah, Chris and Schuster, Mike and Shlens, Jonathon and Steiner, Benoit and Sutskever, Ilya and Talwar, Kunal and Tucker, Paul and Vanhoucke, Vincent and Vasudevan, Vijay and Vi{\'{e}}gas, Fernanda and Vinyals, Oriol and Warden, Pete and Wattenberg, Martin and Wicke, Martin and Yu, Yuan and Zheng, Xiaoqiang},
  Title = {TensorFlow: Large-Scale Machine Learning on Heterogeneous Systems},
  Year = {2016},
  Journal = {arXiv},
  Url = {https://www.tensorflow.org/}
}


@Article{barve2019,
  Author = {Barve, Vijay V and Brenskelle, Laura and Li, Daijiang and Stucky, Brian J and Barve, Narayani V and Hantak, Maggie M and McLean, Bryan S. and Paluh, Daniel J and Oswald, Jessica A and Belitz, Michael W. and Folk, Ryan A. and Guralnick, Robert P.},
  Journal = {Applications in Plant Sciences},
  Month = {jan},
  Number = {1},
  Pages = {754275},
  Title = {Methods for broad‐scale plant phenology assessments using citizen scientists' photographs},
  Volume = {8},
  Year = {2020},
  Doi = {10.1002/aps3.11315},
  Issn = {2168-0450}
}


@Article{benos2021,
  Author = {Benos, Lefteris and Tagarakis, Aristotelis C. and Dolias, Georgios and Berruto, Remigio and Kateris, Dimitrios and Bochtis, Dionysis},
  Journal = {Sensors},
  Month = {may},
  Number = {11},
  Pages = {3758},
  Title = {Machine Learning in Agriculture: A Comprehensive Updated Review},
  Volume = {21},
  Year = {2021},
  Doi = {10.3390/s21113758},
  Issn = {1424-8220}
}


@Article{browning2021,
  Author = {Browning, Dawn M. and Russell, Eric S. and Ponce-Campos, Guillermo E. and Kaplan, Nicole and Richardson, Andrew D. and Seyednasrollah, Bijan and Spiegal, Sheri and Saliendra, Nicanor and Alfieri, Joseph G. and Baker, John and Bernacchi, Carl and Bestelmeyer, Brandon T. and Bosch, David and Boughton, Elizabeth H. and Boughton, Raoul K. and Clark, Pat and Flerchinger, Gerald and Gomez-Casanovas, Nuria and Goslee, Sarah and Haddad, Nick M. and Hoover, David and Jaradat, Abdullah and Mauritz, Marguerite and McCarty, Gregory W. and Miller, Gretchen R. and Sadler, John and Saha, Amartya and Scott, Russell L. and Suyker, Andrew and Tweedie, Craig and Wood, Jeffrey D. and Zhang, Xukai and Taylor, Shawn D.},
  Journal = {Ecological Indicators},
  Month = {nov},
  Pages = {108147},
  Title = {Monitoring agroecosystem productivity and phenology at a national scale: A metric assessment framework},
  Volume = {131},
  Year = {2021},
  Doi = {10.1016/j.ecolind.2021.108147},
  Issn = {1470160X}
}


@Article{chollet2018-keras,
  Author = {Chollet, Fran{\c{c}}ois},
  Journal = {Astrophysics Source Code Library},
  Pages = {ascl----1806},
  Title = {Keras: The python deep learning library},
  Year = {2018}
}


@Article{Conway2021,
  Author = {Conway, Alexander M. and Durbach, Ian N. and McInnes, Alistair and Harris, Robert N.},
  Journal = {Ecosphere},
  Month = {mar},
  Number = {3},
  Title = {Frame‐by‐frame annotation of video recordings using deep neural networks},
  Volume = {12},
  Year = {2021},
  Doi = {10.1002/ecs2.3384},
  Issn = {2150-8925}
}


@Article{correia2020,
  Author = {Correia, David L.P. and Bouachir, Wassim and Gervais, David and Pureswaran, Deepa and Kneeshaw, Daniel D. and {De Grandpre}, Louis},
  Journal = {IEEE Access},
  Pages = {13151--13160},
  Title = {Leveraging Artificial Intelligence for Large-Scale Plant Phenology Studies from Noisy Time-Lapse Images},
  Volume = {8},
  Year = {2020},
  Doi = {10.1109/ACCESS.2020.2965462},
  Issn = {21693536}
}


@Inproceedings{esmael2012,
  Author = {Esmael, Bilal and Arnaout, Arghad and Fruhwirth, Rudolf K. and Thonhauser, Gerhard},
  Booktitle = {2012 12th International Conference on Hybrid Intelligent Systems (HIS)},
  Month = {dec},
  Pages = {502--507},
  Publisher = {IEEE},
  Title = {Improving time series classification using Hidden Markov Models},
  Year = {2012},
  Doi = {10.1109/HIS.2012.6421385},
  Isbn = {978-1-4673-5116-4}
}


@Article{fine1998,
  Author = {Fine, Shai and Singer, Yoram and Tishby, Naftali},
  Journal = {Machine learning},
  Number = {1},
  Pages = {41--62},
  Publisher = {Springer},
  Title = {The hierarchical hidden Markov model: Analysis and applications},
  Volume = {32},
  Year = {1998},
  Doi = {10.1023/A:1007469218079}
}


@Misc{python2003,
  Author = {Foundation, Python Software},
  Howpublished = {url{http://www.python.org}},
  Title = {Python Language Reference Manual, version 3.6},
  Year = {2003}
}


@Article{gao-zhang2021,
  Author = {Gao, Feng and Zhang, Xiaoyang},
  Journal = {Journal of Remote Sensing},
  Month = {mar},
  Pages = {1--14},
  Title = {Mapping Crop Phenology in Near Real-Time Using Satellite Remote Sensing: Challenges and Opportunities},
  Volume = {2021},
  Year = {2021},
  Doi = {10.34133/2021/8379391},
  Issn = {2694-1589}
}


@Article{ghosal2018,
  Author = {Ghosal, Sambuddha and Blystone, David and Singh, Asheesh K. and Ganapathysubramanian, Baskar and Singh, Arti and Sarkar, Soumik},
  Journal = {Proceedings of the National Academy of Sciences},
  Month = {may},
  Number = {18},
  Pages = {4613--4618},
  Title = {An explainable deep machine vision framework for plant stress phenotyping},
  Volume = {115},
  Year = {2018},
  Doi = {10.1073/pnas.1716999115},
  Issn = {0027-8424}
}


@Article{han-shi2021,
  Author = {Han, Jingye and Shi, Liangsheng and Yang, Qi and Huang, Kai and Zha, Yuanyuan and Yu, Jin},
  Journal = {Precision Agriculture},
  Month = {feb},
  Number = {1},
  Pages = {154--178},
  Title = {Real-time detection of rice phenology through convolutional neural network using handheld camera images},
  Volume = {22},
  Year = {2021},
  Doi = {10.1007/s11119-020-09734-2},
  Issn = {1385-2256}
}


@Article{harris2020-numpy,
  Author = {Harris, Charles R. and Millman, K. Jarrod and van der Walt, St{\'{e}}fan J. and Gommers, Ralf and Virtanen, Pauli and Cournapeau, David and Wieser, Eric and Taylor, Julian and Berg, Sebastian and Smith, Nathaniel J. and Kern, Robert and Picus, Matti and Hoyer, Stephan and van Kerkwijk, Marten H. and Brett, Matthew and Haldane, Allan and del R{\'{i}}o, Jaime Fern{\'{a}}ndez and Wiebe, Mark and Peterson, Pearu and G{\'{e}}rard-Marchant, Pierre and Sheppard, Kevin and Reddy, Tyler and Weckesser, Warren and Abbasi, Hameer and Gohlke, Christoph and Oliphant, Travis E.},
  Journal = {Nature},
  Month = {sep},
  Number = {7825},
  Pages = {357--362},
  Title = {Array programming with NumPy},
  Volume = {585},
  Year = {2020},
  Doi = {10.1038/s41586-020-2649-2},
  Issn = {0028-0836}
}


@Article{hinke2018,
  Author = {Hinke, Jefferson T. and Barbosa, Andres and Emmerson, Louise M. and Hart, Tom and Ju{\'{a}}res, Mariana A and Korczak‐Abshire, Malgorzata and Milinevsky, Gennadi and Santos, Mercedes and Trathan, Philip N. and Watters, George M. and Southwell, Colin},
  Editor = {Gaggiotti, Oscar},
  Journal = {Methods in Ecology and Evolution},
  Month = {aug},
  Number = {8},
  Pages = {1853--1863},
  Title = {Estimating nest‐level phenology and reproductive success of colonial seabirds using time‐lapse cameras},
  Volume = {9},
  Year = {2018},
  Doi = {10.1111/2041-210X.13015},
  Issn = {2041-210X}
}


@Article{hufkens2019,
  Author = {Hufkens, Koen and Melaas, Eli K. and Mann, Michael L. and Foster, Timothy and Ceballos, Francisco and Robles, Miguel and Kramer, Berber},
  Journal = {Agricultural and Forest Meteorology},
  Month = {feb},
  Pages = {327--337},
  Title = {Monitoring crop phenology using a smartphone based near-surface remote sensing approach},
  Volume = {265},
  Year = {2019},
  Doi = {10.1016/j.agrformet.2018.11.002},
  Issn = {01681923}
}


@Article{hussain2013,
  Author = {Hussain, Masroor and Chen, Dongmei and Cheng, Angela and Wei, Hui and Stanley, David},
  Journal = {ISPRS Journal of Photogrammetry and Remote Sensing},
  Month = {jun},
  Pages = {91--106},
  Title = {Change detection from remotely sensed images: From pixel-based to object-based approaches},
  Volume = {80},
  Year = {2013},
  Doi = {10.1016/j.isprsjprs.2013.03.006},
  Issn = {09242716}
}


@Article{jones2020,
  Author = {Jones, Hamlyn G},
  Editor = {Atkins, Jeff},
  Journal = {AoB PLANTS},
  Month = {dec},
  Number = {6},
  Title = {What plant is that? Tests of automated image recognition apps for plant identification on plants from the British flora},
  Volume = {12},
  Year = {2020},
  Doi = {10.1093/aobpla/plaa052},
  Issn = {2041-2851}
}


@Article{kosmala2016,
  Author = {Kosmala, Margaret and Crall, Alycia and Cheng, Rebecca and Hufkens, Koen and Henderson, Sandra and Richardson, Andrew},
  Journal = {Remote Sensing},
  Month = {sep},
  Number = {9},
  Pages = {726},
  Title = {Season Spotter: Using Citizen Science to Validate and Scale Plant Phenology from Near-Surface Remote Sensing},
  Volume = {8},
  Year = {2016},
  Doi = {10.3390/rs8090726},
  Issn = {2072-4292}
}


@Article{lea2016,
  Author = {Lea, Colin and Reiter, Austin and Vidal, Rene and Hager, Gregory D.},
  Journal = {Lecture Notes in Computer Science (including subseries Lecture Notes in Artificial Intelligence and Lecture Notes in Bioinformatics)},
  Month = {feb},
  Pages = {36--52},
  Title = {Segmental Spatiotemporal CNNs for Fine-grained Action Segmentation},
  Volume = {9907 LNCS},
  Year = {2016},
  Doi = {10.1007/978-3-319-46487-9_3},
  Issn = {16113349},
  Isbn = {9783319464862},
  Archiveprefix = {arXiv},
  Arxivid = {1602.02995},
  Eprint = {1602.02995}
}


@Article{liu-cai2012,
  Author = {Liu, Desheng and Cai, Shanshan},
  Journal = {Annals of the Association of American Geographers},
  Month = {nov},
  Number = {6},
  Pages = {1329--1347},
  Title = {A Spatial-Temporal Modeling Approach to Reconstructing Land-Cover Change Trajectories from Multi-temporal Satellite Imagery},
  Volume = {102},
  Year = {2012},
  Doi = {10.1080/00045608.2011.596357},
  Issn = {0004-5608}
}


@Article{lombardozzi2020,
  Author = {Lombardozzi, Danica L. and Lu, Yaqiong and Lawrence, Peter J. and Lawrence, David M. and Swenson, Sean and Oleson, Keith W. and Wieder, William R. and Ainsworth, Elizabeth A.},
  Journal = {Journal of Geophysical Research: Biogeosciences},
  Month = {jun},
  Pages = {0--3},
  Title = {Simulating agriculture in the Community Land Model version 5},
  Year = {2020},
  Doi = {10.1029/2019JG005529},
  Issn = {2169-8953},
  Isbn = {0000000335577}
}


@Inproceedings{mckinney2010-pandas,
  Address = {Austin, Texas, USA},
  Author = {McKinney, Wes},
  Booktitle = {Proceedings of the 9th Python in Science Conference},
  Pages = {51--56},
  Publisher = {SciPy},
  Title = {Data Structures for Statistical Computing in Python},
  Year = {2010},
  Url = {http://conference.scipy.org/proceedings/scipy2010/mckinney.html}
}


@Book{meier1997,
  Author = {Meier, Uwe},
  Publisher = {Blackwell Wissenschafts-Verlag},
  Title = {Growth stages of mono-and dicotyledonous plants},
  Year = {1997}
}


@Misc{milliman2019-phenocam,
  Author = {Milliman, T and Seyednasrollah, B and Young, A M and Hufkens, K and Friedl, M A and Frolking, S and Richardson, A D and Abraha, M and Allen, D W and Apple, M and Arain, M A and Baker, J and Baker, J M and Bernacchi, C J and Bhattacharjee, J and Blanken, P and Bosch, D D and Boughton, R and Boughton, E H and Brown, R F and Browning, D M and Brunsell, N and Burns, S P and Cavagna, M and Chu, H and Clark, P E and Conrad, B J and Cremonese, E and Debinski, D and Desai, A R and Diaz-Delgado, R and Duchesne, L and Dunn, A L and Eissenstat, D M and El-Madany, T and Ellum, D S S and Ernest, S M and Esposito, A and Fenstermaker, L and Flanagan, L B and Forsythe, B and Gallagher, J and Gianelle, D and Griffis, T and Groffman, P and Gu, L and Guillemot, J and Halpin, M and Hanson, P J and Hemming, D and Hove, A A and Humphreys, E R and Jaimes-Hernandez, A and Jaradat, A A and Johnson, J and Keel, E and Kelly, V R and Kirchner, J W and Kirchner, P B and Knapp, M and Krassovski, M and Langvall, O and Lanthier, G and Maire, G.l. and Magliulo, E and Martin, T A and McNeil, B and Meyer, G A and Migliavacca, M and Mohanty, B P and Moore, C E and Mudd, R and Munger, J W and Murrell, Z E and Nesic, Z and Neufeld, H S and Oechel, W and Oishi, A C and Oswald, W W and Perkins, T D and Reba, M L and Rundquist, B and Runkle, B R and Russell, E S and Sadler, E J and Saha, A and Saliendra, N Z and Schmalbeck, L and Schwartz, M D and Scott, R L and Smith, E M and Sonnentag, O and Stoy, P and Strachan, S and Suvocarev, K and Thom, J E and Thomas, R Q and Den berg, A K and Vargas, R and Vogel, C S and Walker, J J and Webb, N and Wetzel, P and Weyers, S and Whipple, A V and Whitham, T G and Wohlfahrt, G and Wood, J D and Yang, J and Yang, X and Yenni, G and Zhang, Y and Zhang, Q and Zona, D and Baldocchi, D and Verfaillie, J},
  Publisher = {ORNL Distributed Active Archive Center},
  Title = {PhenoCam Dataset v2.0: Digital Camera Imagery from the PhenoCam Network, 2000-2018},
  Year = {2019},
  Doi = {10.3334/ORNLDAAC/1689}
}


@Techreport{nass2012,
  Author = {NASS}, {USDA},
  Title = {The Yield Forecasting Program of NASS},
  Year = {2012},
  Url = {https://www.nass.usda.gov/Publications/Methodology_and_Data_Quality/Advanced_Topics/Yield Forecasting Program of NASS.pdf}
}


@Article{norouzzadeh2018,
  Author = {Norouzzadeh, Mohammad Sadegh and Nguyen, Anh and Kosmala, Margaret and Swanson, Alexandra and Palmer, Meredith S. and Packer, Craig and Clune, Jeff},
  Journal = {Proceedings of the National Academy of Sciences of the United States of America},
  Number = {25},
  Pages = {E5716--E5725},
  Title = {Automatically identifying, counting, and describing wild animals in camera-trap images with deep learning},
  Volume = {115},
  Year = {2018},
  Doi = {10.1073/pnas.1719367115},
  Issn = {10916490},
  Archiveprefix = {arXiv},
  Arxivid = {1703.05830},
  Eprint = {1703.05830},
  Pmid = {29871948}
}


@Article{richardson2019,
  Author = {Richardson, Andrew D.},
  Journal = {New Phytologist},
  Month = {jun},
  Number = {4},
  Pages = {1742--1750},
  Title = {Tracking seasonal rhythms of plants in diverse ecosystems with digital camera imagery},
  Volume = {222},
  Year = {2019},
  Doi = {10.1111/nph.15591},
  Issn = {0028-646X}
}


@Article{richardson2018a,
  Author = {Richardson, Andrew D. and Hufkens, Koen and Milliman, Tom and Aubrecht, Donald M. and Chen, Min and Gray, Josh M. and Johnston, Miriam R. and Keenan, Trevor F. and Klosterman, Stephen T. and Kosmala, Margaret and Melaas, Eli K. and Friedl, Mark A. and Frolking, Steve},
  Journal = {Scientific Data},
  Month = {dec},
  Number = {1},
  Pages = {180028},
  Title = {Tracking vegetation phenology across diverse North American biomes using PhenoCam imagery},
  Volume = {5},
  Year = {2018},
  Doi = {10.1038/sdata.2018.28},
  Issn = {2052-4463}
}


@Article{richardson2018b,
  Author = {Richardson, Andrew D. and Hufkens, Koen and Milliman, Tom and Frolking, Steve},
  Journal = {Scientific Reports},
  Month = {dec},
  Number = {1},
  Pages = {5679},
  Title = {Intercomparison of phenological transition dates derived from the PhenoCam Dataset V1.0 and MODIS satellite remote sensing},
  Volume = {8},
  Year = {2018},
  Doi = {10.1038/s41598-018-23804-6},
  Issn = {20452322},
  Pmid = {29632311}
}


@Article{schreiber2018-pomegranate,
  Author = {Schreiber, Jacob},
  Journal = {Journal of Machine Learning Research},
  Number = {164},
  Pages = {1--6},
  Title = {Pomegranate: fast and flexible probabilistic modeling in python},
  Volume = {18},
  Year = {2018}
}


@Misc{seyednasrollah2019c-ornl,
  Author = {Seyednasrollah, B and Young, A M and Hufkens, K and Milliman, T and Friedl, M A and Frolking, S and Richardson, A D and Abraha, M and Allen, D W and Apple, M and Arain, M A and Baker, J and Baker, J M and Baldocchi, D and Bernacchi, C J and Bhattacharjee, J and Blanken, P and Bosch, D D and Boughton, R and Boughton, E H and Brown, R F and Browning, D M and Brunsell, N and Burns, S P and Cavagna, M and Chu, H and Clark, P E and Conrad, B J and Cremonese, E and Debinski, D and Desai, A R and Diaz-Delgado, R and Duchesne, L and Dunn, A L and Eissenstat, D M and El-Madany, T and Ellum, D S S and Ernest, S M and Esposito, A and Fenstermaker, L and Flanagan, L B and Forsythe, B and Gallagher, J and Gianelle, D and Griffis, T and Groffman, P and Gu, L and Guillemot, J and Halpin, M and Hanson, P J and Hemming, D and Hove, A A and Humphreys, E R and Jaimes-Hernandez, A and Jaradat, A A and Johnson, J and Keel, E and Kelly, V R and Kirchner, J W and Kirchner, P B and Knapp, M and Krassovski, M and Langvall, O and Lanthier, G and Maire, G.l. and Magliulo, E and Martin, T A and McNeil, B and Meyer, G A and Migliavacca, M and Mohanty, B P and Moore, C E and Mudd, R and Munger, J W and Murrell, Z E and Nesic, Z and Neufeld, H S and O'Halloran, T L and Oechel, W and Oishi, A C and Oswald, W W and Perkins, T D and Reba, M L and Rundquist, B and Runkle, B R and Russell, E S and Sadler, E J and Saha, A and Saliendra, N Z and Schmalbeck, L and Schwartz, M D and Scott, R L and Smith, E M and Sonnentag, O and Stoy, P and Strachan, S and Suvocarev, K and Thom, J E and Thomas, R Q and Den berg, A K and Vargas, R and Verfaillie, J and Vogel, C S and Walker, J J and Webb, N and Wetzel, P and Weyers, S and Whipple, A V and Whitham, T G and Wohlfahrt, G and Wood, J D and Wolf, S and Yang, J and Yang, X and Yenni, G and Zhang, Y and Zhang, Q and Zona, D},
  Publisher = {ORNL Distributed Active Archive Center},
  Title = {PhenoCam Dataset v2.0: Vegetation Phenology from Digital Camera Imagery, 2000-2018},
  Year = {2019},
  Doi = {10.3334/ORNLDAAC/1674}
}


@Article{seyednasrollah2019b-scidata,
  Author = {Seyednasrollah, Bijan and Young, Adam M. and Hufkens, Koen and Milliman, Tom and Friedl, Mark A. and Frolking, Steve and Richardson, Andrew D.},
  Journal = {Scientific data},
  Number = {1},
  Pages = {222},
  Publisher = {Springer US},
  Title = {Tracking vegetation phenology across diverse biomes using Version 2.0 of the PhenoCam Dataset},
  Volume = {6},
  Year = {2019},
  Doi = {10.1038/s41597-019-0229-9},
  Issn = {20524463}
}


@Article{simonyan2014-VGG16,
  Author = {Simonyan, Karen and Zisserman, Andrew},
  Journal = {arXiv},
  Month = {sep},
  Title = {Very Deep Convolutional Networks for Large-Scale Image Recognition},
  Year = {2014},
  Url = {http://arxiv.org/abs/1409.1556},
  Archiveprefix = {arXiv},
  Arxivid = {1409.1556},
  Eprint = {1409.1556}
}


@Misc{rcitation,
  Address = {Vienna: R Foundation for Statistical Computing.},
  Author = {Team, R Core},
  Title = {R: a language and environment for statistical computing},
  Year = {2017}
}


@Article{wehmann2015,
  Author = {Wehmann, Adam and Liu, Desheng},
  Journal = {ISPRS Journal of Photogrammetry and Remote Sensing},
  Month = {sep},
  Pages = {77--89},
  Title = {A spatial–temporal contextual Markovian kernel method for multi-temporal land cover mapping},
  Volume = {107},
  Year = {2015},
  Doi = {10.1016/j.isprsjprs.2015.04.009},
  Issn = {09242716}
}


@Article{weinstein2018,
  Author = {Weinstein, Ben G.},
  Editor = {Prugh, Laura},
  Journal = {Journal of Animal Ecology},
  Month = {may},
  Number = {3},
  Pages = {533--545},
  Title = {A computer vision for animal ecology},
  Volume = {87},
  Year = {2018},
  Doi = {10.1111/1365-2656.12780},
  Issn = {00218790}
}


@Book{wickham2016-ggplot2,
  Author = {Wickham, Hadley},
  Publisher = {Springer-Verlag New York},
  Title = {ggplot2: Elegant Graphics for Data Analysis},
  Year = {2016},
  Url = {http://ggplot2.org},
  Isbn = {978-3-319-24277-4}
}


@Article{wickham2019-tidyverse,
  Author = {Wickham, Hadley and Averick, Mara and Bryan, Jennifer and Chang, Winston and McGowan, Lucy and Fran{\c{c}}ois, Romain and Grolemund, Garrett and Hayes, Alex and Henry, Lionel and Hester, Jim and Kuhn, Max and Pedersen, Thomas and Miller, Evan and Bache, Stephan and M{\"{u}}ller, Kirill and Ooms, Jeroen and Robinson, David and Seidel, Dana and Spinu, Vitalie and Takahashi, Kohske and Vaughan, Davis and Wilke, Claus and Woo, Kara and Yutani, Hiroaki},
  Journal = {Journal of Open Source Software},
  Month = {nov},
  Number = {43},
  Pages = {1686},
  Title = {Welcome to the Tidyverse},
  Volume = {4},
  Year = {2019},
  Doi = {10.21105/joss.01686},
  Issn = {2475-9066}
}


@Article{yalcin2017,
  Author = {Yalcin, Hulya},
  Journal = {2017 6th International Conference on Agro-Geoinformatics, Agro-Geoinformatics 2017},
  Title = {Plant phenology recognition using deep learning: Deep-Pheno},
  Year = {2017},
  Doi = {10.1109/Agro-Geoinformatics.2017.8046996},
  Isbn = {9781538638842}
}


@Article{zeileis2005-zoo,
  Author = {Zeileis, Achim and Grothendieck, Gabor},
  Journal = {Journal of Statistical Software},
  Number = {6},
  Title = {zoo : S3 Infrastructure for Regular and Irregular Time Series},
  Volume = {14},
  Year = {2005},
  Doi = {10.18637/jss.v014.i06},
  Issn = {1548-7660}
}
